@article{watson1953molecular,
  title={Molecular structure of nucleic acids},
  author={Watson, James D and Crick, Francis HC},
  journal={Nature},
  volume={171},
  number={4356},
  pages={737--738},
  year={1953}
}
@article{martinez1992estimating,
  title={Estimating the locations and the sizes of the effects of quantitative trait loci using flanking markers},
  author={Martinez, O and Curnow, RN},
  journal={Theoretical and Applied Genetics},
  volume={85},
  number={4},
  pages={480--488},
  year={1992},
  publisher={Springer}
}
@article{manly1999overview,
  title={Overview of QTL mapping software and introduction to map manager QT},
  author={Manly, Kenneth F and Olson, Jane M},
  journal={Mammalian genome},
  volume={10},
  number={4},
  pages={327--334},
  year={1999},
  publisher={Springer}
}


@article{lehermeier2014usefulness,
  title={Usefulness of multiparental populations of maize (Zea mays L.) for genome-based prediction},
  author={Lehermeier, Christina and Kr{\"a}mer, Nicole and Bauer, Eva and Bauland, Cyril and Camisan, Christian and Campo, Laura and Flament, Pascal and Melchinger, Albrecht E and Menz, Monica and Meyer, Nina and others},
  journal={Genetics},
  volume={198},
  number={1},
  pages={3--16},
  year={2014},
  publisher={Genetics Soc America}
}

@article{mackay2014eight,
  title={An eight-parent multiparent advanced generation inter-cross population for winter-sown wheat: creation, properties, and validation},
  author={Mackay, Ian J and Bansept-Basler, Pauline and Barber, Toby and Bentley, Alison R and Cockram, James and Gosman, Nick and Greenland, Andy J and Horsnell, Richard and Howells, Rhian and Oâ€™Sullivan, Donal M and others},
  journal={G3: Genes, Genomes, Genetics},
  volume={4},
  number={9},
  pages={1603--1610},
  year={2014},
  publisher={G3: Genes, Genomes, Genetics}
}


@article{milner2016multiparental,
  title={A multiparental cross population for mapping QTL for agronomic traits in durum wheat (T riticum turgidum ssp. durum)},
  author={Milner, Sara Giulia and Maccaferri, Marco and Huang, Bevan Emma and Mantovani, Paola and Massi, Andrea and Frascaroli, Elisabetta and Tuberosa, Roberto and Salvi, Silvio},
  journal={Plant biotechnology journal},
  volume={14},
  number={2},
  pages={735--748},
  year={2016},
  publisher={Wiley Online Library}
}

@article{allard2016detecting,
  title={Detecting QTLs and putative candidate genes involved in budbreak and flowering time in an apple multiparental population},
  author={Allard, Alix and Bink, Marco CAM and Martinez, S{\'e}bastien and Kelner, Jean-Jacques and Legave, Jean-Michel and Di Guardo, Mario and Di Pierro, Erica A and Laurens, Fran{\c{c}}ois and Van de Weg, Eric W and Costes, Evelyne},
  journal={Journal of experimental botany},
  volume={67},
  number={9},
  pages={2875--2888},
  year={2016},
  publisher={Oxford University Press UK}
}
@article{korol1995interval,
  title={Interval mapping of quantitative trait loci employing correlated trait complexes.},
  author={Korol, Abraham B and Ronin, Yefim I and Kirzhner, Valery M},
  journal={Genetics},
  volume={140},
  number={3},
  pages={1137--1147},
  year={1995},
  publisher={Genetics Soc America}
}


